@ARTICLE{BoxPierce1970,
  AUTHOR =       {G.E.P. Box  and D.A. Pierce},
  TITLE =        {Distribution of Residual Autocorrelation in Autoregressive-Integrated Moving Average
Time Series Models},
  JOURNAL =      {Journal of American Statistical Association},
  YEAR =         {1970},
  volume =       {65},
  pages =        {1509-1526},
  }

@Manual{ChanRipley2012,
    title= {TSA: Time Series Analysis},
    author   = {Kung-Sik Chan and Brian Ripley},
    year= {2018},
    note = {\proglang{R} package version 1.2},
    url= {https://CRAN.R-project.org/package=TSA}
}

@ARTICLE{Durbin1950,
  AUTHOR =       {J. Durbin and G.S. Watson},
  TITLE =        {Testing for Serial Correlation in Least Squares Regression I},
  JOURNAL =      {Biometrika},
  YEAR =         {1950},
  volume =       {37},
  pages =        {409-428},
}

@ARTICLE{Durbin1951,
  AUTHOR =       {J. Durbin and G.S. Watson},
  TITLE =        { Testing for Serial Correlation in Least Squares Regression II},
  JOURNAL =      {Biometrika},
  YEAR =         {1951},
  volume =       {38},
  pages =        {159-178},
}

@ARTICLE{Durbin1971,
  AUTHOR =       {J. Durbin and G.S. Watson},
  TITLE =        {Testing for Serial Correlation in Least Squares Regression III},
  JOURNAL =      {Biometrika},
  YEAR =         {1971},
  volume =       {58},
  pages =        {1-19},
}

@BOOK{Greene1993,
  AUTHOR =       {William Greene},
  TITLE =        {Econometric Analysis},
  PUBLISHER =    {Macmillan Publishing Company},
  YEAR =         {1993},
  address =      {New York},
  edition =      {2nd},
}

@ARTICLE{Hosking1980,
  AUTHOR =       {J. R. M. Hosking},
  TITLE =        {The Multivariate Portmanteau Statistic},
  JOURNAL =      {Journal of American Statistical Association},
  YEAR =         {1980},
  volume =       {75},
  number =       {371},
  pages =        {602-607},
}

@Manual{Hothornpackage2015,
    title= {lmtest: Testing Linear Regression Models},
    author   = {Torsten Hothorn and Achim Zeileis and Richard W. Farebrother and Clint Cummins and Giovanni Millo and David Mitchell},
    year= {2019},
    note = {\proglang{R} package version 0.9-37},
    url= {https://CRAN.R-project.org/package=lmtest}
}

@Manual{HyndmanRazbash2019,
    title= {forecast: Forecasting Functions for Time Series and Linear Models},
    author   = {Rob J Hyndman and George Athanasopoulos and Slava Razbash and Drew Schmidt and
    Zhenyu Zhou and Yousaf Khan and Christoph Bergmeir and Earo Wang},
    year= {2019},
    note = {\proglang{R} package version 8.7},
    url= {https://CRAN.R-project.org/package=forecast}
}

@Manual{FraleyLeischMaechlerReisenLemonte2012,
    title= {fracdiff: Fractionally differenced ARIMA aka ARFIMA(p,d,q) models},
    author   = {Chris Fraley and Fritz Leisch and Martin Maechler and Valderio Reisen and Artur Lemonte},
    year= {2012},
    note = {\proglang{R} package version 1.4-2},
    url= {https://CRAN.R-project.org/package=fracdiff}
}

@ARTICLE{LiMcLeod1981,
  AUTHOR =       {W. K. Li and A. I. McLeod},
  TITLE =        {Distribution of the Residual Autocorrelation in Multivariate ARMA Time Series Models},
  JOURNAL =      {Journal of the Royal Statistical Society, Series B},
  YEAR =         {1981},
  volume =       {43},
  number =       {2},
  pages =        {231-239},
}

@ARTICLE{LinMcLeod2006,
  AUTHOR =       {J.W. Lin and A. I. McLeod},
  TITLE =        {Improved Pe\v{n}a-Rodr\'{\i}guez Portmanteau Test},
  JOURNAL =      {Computational Statistics and Data Analysis},
  YEAR =         {2006},
  volume =       {51},
  number =       {3},
  pages =        {1731-1738},
 }

@ARTICLE{LjungBox1978,
  AUTHOR =       {G.M. Ljung and G.E.P. Box},
  TITLE =        {On a Measure of Lack of Fit in Time Series Models},
  JOURNAL =      {Biometrika},
  YEAR =         {1978},
  volume =       {65},
  pages =        {297-303},
 }

@BOOK{Lutkepohl2005,
  AUTHOR =       {H. L{\"u}tkepohl},
  TITLE =        {New Introduction to Multiple Time Series Analysis},
  PUBLISHER =    {Springer-Verlag},
  YEAR =         {2005},
  address =      {New York},
 }

 @ARTICLE{MahdiMcLeod2012,
  AUTHOR =       {Esam Mahdi and A. I. McLeod},
  TITLE =        {Improved Multivariate Portmanteau Test},
  JOURNAL =      {Journal of Time Series Analysis},
  YEAR =         {2012},
  volume =       {33},
  number =       {2},
  pages =        {211-222},
 }

 @ARTICLE{McLeod1978,
  AUTHOR =       {A. I. McLeod},
  TITLE =        {On the distribution and applications of residual autocorrelations in Box-Jenkins modelling},
  JOURNAL =      {Journal of the Royal Statistical Society B},
  YEAR =         {1978},
  volume =       {40},
  number =       {3},
  pages =        {296-302},
 }

@INBOOK{McLeodYuMahdi2012,
  author =       {A. I. Mc{L}eod and Hao Yu and Esam Mahdi},
  editor =       {T. S. Rao, S. S. Rao and C. R. Rao},
  title =        {Time Series Analysis with R. In Time Series Analysis: Methods and Applications},
  chapter =      {23},
  pages =        {661-712},
  publisher =    {Elsevier},
  year =         {2012},
  volume =       {30},
  note =         {Handbook in Statistics},
  url= {http://www.sciencedirect.com/science/handbooks/01697161}
}

@ARTICLE{McLeodZhangPaper2008,
  author	= {A.I. Mc{L}eod and Ying Zhang},
  title		= {Improved Subset Autoregression: With \proglang{R} Package},
  journal	= {Journal of Statistical Software},
  year		= {2008},
  volume	= {28},
  number	= {2},
  pages		= {1--28},
  url		= {http://www.jstatsoft.org/v28/i02}
}

@Manual{McLeodZhangXu2013,
    author   = {A.I. Mc{L}eod and Ying Zhang and Changjiang Xu},
    title= {FitAR: Subset AR Model Fitting},
    year= {2013},
    note = {\proglang{R} package version 1.94},
    url= {https://CRAN.R-project.org/package=FitAR}
}

@ARTICLE{ProtheroWallis1976,
  AUTHOR =       {David L. Prothero and Kenneth F. Wallis},
  TITLE =        {Modelling macroeconomic time series (with discussion)},
  JOURNAL =      {Journal of the Royal Statistical Society, A},
  YEAR =         {1976},
  volume =       {139},
  number =       {4},
  pages =        {468--500},
}

@ARTICLE{PR2002,
  AUTHOR =       {D. Pe\v{n}a and J. Rodr\'{\i}guez},
  TITLE =        {A Powerful Portmanteau Test of Lack of Test for Time Series},
  JOURNAL =      {Journal of American Statistical Association},
  YEAR =         {2002},
  volume =       {97},
  number =       {458},
  pages =        {601--610},
}

@ARTICLE{PR2006,
  AUTHOR =       {D. Pe\v{n}a and J. Rodr\'{\i}guez},
  TITLE =        {The Log of the Determinant of the Autocorrelation Matrix for Testing Goodness of Fit in  Time Series},
  JOURNAL =      {Journal of Statistical Planning and Inference},
  YEAR =         {2006},
  volume =       {8},
  number =       {136},
  pages =        {2706--2718},
}

@Manual{TraplettiHornikLeBaron2015,
    title= {tseries: Time Series Analysis and Computational Finance},
    author   = {Adrian Trapletti and Kurt Hornik and Blake LeBaron},
    year= {2019},
    note = {\proglang{R} package version 0.10-47},
    url= {https://CRAN.R-project.org/package=tseries}
}

@BOOK{Tsay2010,
  AUTHOR =       {Ruey S. Tsay},
  TITLE =        {Analysis of Financial Time Series},
  PUBLISHER =    {Wiley},
  YEAR =         {2010},
  address =      {New York},
  edition =      {3rd},
 }

@ARTICLE{VeraJansenSuppi2008,
  AUTHOR =       {Gonzalo Vera and Ritsert C. Jansen and Remo L. Suppi},
  TITLE =        {\proglang{R}/parallel - speeding up bioinformatics analysis with \proglang{R}},
  JOURNAL =      {BMC Bioinformatics},
  YEAR =         {2008},
  volume =       {9},
  pages =        {390},
}

@Manual{Wuertz2013,
    title= {fGarch: Rmetrics - Autoregressive Conditional Heteroskedastic Modelling},
    author   = {Diethelm Wuertz and Rmetrics core team members},
    year= {2019},
    note = {\proglang{R} package version 3042.83.1},
    url= {https://CRAN.R-project.org/package=fGarch}
}

@ARTICLE{YuRmpiRnews,
  AUTHOR = {Hao Yu},
  TITLE = {Rmpi: Parallel Statistical Computing in \proglang{R}},
  JOURNAL = {R News},
  YEAR = {2002},
  VOLUME = {2},
  NUMBER = {2},
  PAGES = {10--14},
  MONTH = {June},
  URL = {http://CRAN.R-project.org/doc/Rnews/},
  PDF = {http://CRAN.R-project.org/doc/Rnews/Rnews_2002-2.pdf}
}
