@ARTICLE{BoxPierce1970,
  AUTHOR =       {G.E.P. Box  and D.A. Pierce},
  TITLE =        {Distribution of Residual Autocorrelation in Autoregressive-Integrated Moving Average
Time Series Models},
  JOURNAL =      {Journal of American Statistical Association},
  YEAR =         {1970},
  volume =       {65},
  pages =        {1509-1526},
  }

@ARTICLE{ChenChen2008,
  AUTHOR =       {J. Chen and Z. Chen},
  TITLE =        {Extended Bayesian Information Criteria for Model Selection with Large Model Space},
  JOURNAL =      {Biometrika},
  YEAR =         {2008},
  volume =       {95},
  pages =        {759--771},
}

@ARTICLE{Hosking1980,
  AUTHOR =       {J. R. M. Hosking},
  TITLE =        {The Multivariate Portmanteau Statistic},
  JOURNAL =      {Journal of American Statistical Association},
  YEAR =         {1980},
  volume =       {75},
  number =       {371},
  pages =        {602-607},
}

@ARTICLE{LiMcLeod1981,
  AUTHOR =       {W. K. Li and A. I. McLeod},
  TITLE =        {Distribution of the Residual Autocorrelation in Multivariate ARMA Time Series Models},
  JOURNAL =      {Journal of the Royal Statistical Society, Series B},
  YEAR =         {1981},
  volume =       {43},
  number =       {2},
  pages =        {231-239},
}

@ARTICLE{LinMcLeod2006,
  AUTHOR =       {J.W. Lin and A. I. McLeod},
  TITLE =        {Improved Pe$\tilde{\mbox{n}}$a-Rodriguez Portmanteau Test},
  JOURNAL =      {Computational Statistics and Data Analysis},
  YEAR =         {2006},
  volume =       {51},
  number =       {3},
  pages =        {1731-1738},
 }

@ARTICLE{LjungBox1978,
  AUTHOR =       {G.M. Ljung and G.E.P. Box},
  TITLE =        {On a Measure of Lack of Fit in Time Series Models},
  JOURNAL =      {Biometrika},
  YEAR =         {1978},
  volume =       {65},
  pages =        {297-303},
 }

@BOOK{Lutkepohl2005,
  AUTHOR =       {H. L{\"u}tkepohl},
  TITLE =        {New Introduction to Multiple Time Series Analysis},
  PUBLISHER =    {Springer-Verlag},
  YEAR =         {2005},
  address =      {New York},
 }
 
@MISC{MahdiMcLeod2011,
  author =       {Esam Mahdi and A. I. McLeod},
  title =        {Improved Multivariate Portmanteau Diagnostic Test},
  howpublished = {Submitted},
  year =         {2011},
 }

@ARTICLE{McLeodZhangPaper2008,
  author	= {A.I. Mc{L}eod and Ying Zhang},
  title		= {Improved Subset Autoregression: With \proglang{R} Package},
  journal	= {Journal of Statistical Software},
  year		= {2008},
  volume	= {28},
  number	= {2},
  pages		= {1--28},
  url		= {http://www.jstatsoft.org/v28/i02}
}

@BOOK{McQuarrie,
  AUTHOR =       {McQuarrie, A. D. and Tsai, C.-L.},
  TITLE =        {Regression and Time Series Model Selection},
  PUBLISHER =    {World Scientific},
  YEAR =         {1998},
  address =      {New Jersey},
}

@ARTICLE{PR2002,
  AUTHOR =       {D. Pe\v{n}a and J. Rodriguez},
  TITLE =        {A Powerful Portmanteau Test of Lack of Test for Time Series},
  JOURNAL =      {Journal of American Statistical Association},
  YEAR =         {2002},
  volume =       {97},
  number =       {458},
  pages =        {601--610},
}

@ARTICLE{PR2006,
  AUTHOR =       {D. Pe\v{n}a and J. Rodriguez},
  TITLE =        {The Log of the Determinant of the Autocorrelation Matrix for Testing Goodness of Fit in  Time Series},
  JOURNAL =      {Journal of Statistical Planning and Inference},
  YEAR =         {2006},
  volume =       {8},
  number =       {136},
  pages =        {2706--2718},
}

@BOOK{Tsay2005,
  AUTHOR =       {Ruey S. Tsay},
  TITLE =        {Analysis of Financial Time Series},
  PUBLISHER =    {Wiley},
  YEAR =         {2005},
  address =      {New York},
  edition =      {2nd},
 }

@BOOK{Wei1990,
  AUTHOR =       {W. W. S. Wei},
  TITLE =        {Time Series Analysis: Univariate and Multivariate Methods},
  PUBLISHER =    {Addison Wesley},
  YEAR =         {1990},
  address =      {New York},
 }

@ARTICLE{YuRmpiRnews,
  AUTHOR = {Hao Yu},
  TITLE = {Rmpi: Parallel Statistical Computing in {R}},
  JOURNAL = {R News},
  YEAR = {2002},
  VOLUME = {2},
  NUMBER = {2},
  PAGES = {10--14},
  MONTH = {June},
  URL = {http://CRAN.R-project.org/doc/Rnews/},
  PDF = {http://CRAN.R-project.org/doc/Rnews/Rnews_2002-2.pdf}
}
